@article{huson2002greedy,
  title={The greedy path-merging algorithm for contig scaffolding},
  author={Huson, Daniel H and Reinert, Knut and Myers, Eugene W},
  journal={Journal of the ACM (JACM)},
  volume={49},
  number={5},
  pages={603--615},
  year={2002},
  publisher={ACM}
}
@article{li2009sequence,
  title={The sequence alignment/map format and SAMtools},
  author={Li, Heng and Handsaker, Bob and Wysoker, Alec and Fennell, Tim and Ruan, Jue and Homer, Nils and Marth, Gabor and Abecasis, Goncalo and Durbin, Richard and others},
  journal={Bioinformatics},
  volume={25},
  number={16},
  pages={2078--2079},
  year={2009},
  publisher={Oxford Univ Press}
}
@article{sahlin2012improved,
  title={Improved gap size estimation for scaffolding algorithms},
  author={Sahlin, Kristoffer and Street, Nathaniel and Lundeberg, Joakim and Arvestad, Lars},
  journal={Bioinformatics},
  volume={28},
  number={17},
  pages={2215--2222},
  year={2012},
  publisher={Oxford Univ Press}
}
@article{simpson2009abyss,
  title={ABySS: a parallel assembler for short read sequence data},
  author={Simpson, Jared T and Wong, Kim and Jackman, Shaun D and Schein, Jacqueline E and Jones, Steven JM and Birol, Inan{\c{c}}},
  journal={Genome research},
  volume={19},
  number={6},
  pages={1117--1123},
  year={2009},
  publisher={Cold Spring Harbor Lab}
}
@article{zerbino2009pebble,
  title={Pebble and rock band: heuristic resolution of repeats and scaffolding in the velvet short-read de novo assembler},
  author={Zerbino, Daniel R and McEwen, Gayle K and Margulies, Elliott H and Birney, Ewan},
  journal={PloS one},
  volume={4},
  number={12},
  pages={e8407},
  year={2009},
  publisher={Public Library of Science}
}
