@article{Huson:2002:GPA:585265.585267,
 author = {Huson, Daniel H. and Reinert, Knut and Myers, Eugene W.},
 title = {The greedy path-merging algorithm for contig scaffolding},
 journal = {J. ACM},
 volume = {49},
 issue = {5},
 month = {September},
 year = {2002},
 issn = {0004-5411},
 pages = {603--615},
 numpages = {13},
 url = {http://doi.acm.org/10.1145/585265.585267},
 doi = {http://doi.acm.org/10.1145/585265.585267},
 acmid = {585267},
 publisher = {ACM},
 address = {New York, NY, USA},
 keywords = {Genome assembly},
}
